<?xml version="1.0" encoding="UTF-8"?><collection xmlns="http://www.loc.gov/MARC21/slim"><record><leader>00390nam--2200145-i-4500</leader><controlfield tag="001">000049242</controlfield><controlfield tag="002">20161230</controlfield><controlfield tag="005">20161230201047</controlfield><controlfield tag="008">060222s1000------------r-----000-0-eng-d</controlfield><datafield ind1=" " ind2=" " tag="080"><subfield code="a">517.546</subfield></datafield><datafield ind1=" " ind2=" " tag="100"><subfield code="a">Aleksandrov,I.A</subfield></datafield><datafield ind1=" " ind2=" " tag="245"><subfield code="a">Parametricheskie prodlozheniia v teorii odnolistnyh funcii</subfield></datafield><datafield ind1=" " ind2=" " tag="260"><subfield code="a">Moskva, Nauka, 1976. 341 S</subfield></datafield><datafield ind1=" " ind2=" " tag="852"><subfield code="a">45189</subfield><subfield code="c">517.5</subfield></datafield><datafield ind1=" " ind2=" " tag="CAT"><subfield code="a">Sys</subfield><subfield code="c">20080807</subfield><subfield code="h">091152</subfield></datafield></record></collection>